
@inproceedings{paper,
 author = {Han, Dongsu and Anand, Ashok and Dogar, Fahad and Li, Boyan and Lim, Hyeontaek and Machado, Michel and Mukundan, Arvind and Wu, Wenfei and Akella, Aditya and Andersen, David G. and Byers, John W. and Seshan, Srinivasan and Steenkiste, Peter},
 title = {XIA: Efficient Support for Evolvable Internetworking},
 booktitle = {Proceedings of the 9th USENIX Conference on Networked Systems Design and Implementation},
 series = {NSDI'12},
 year = {2012},
 location = {San Jose, CA},
 pages = {23--23},
 numpages = {1},
 url = {http://dl.acm.org/citation.cfm?id=2228298.2228330},
 acmid = {2228330},
 publisher = {USENIX Association},
 address = {Berkeley, CA, USA},
}
@inproceedings{dryden2014pgdb,
  title={PGDB: A Debugger for MPI Applications},
  author={Dryden, Nikoli},
  booktitle={Proceedings of the 2014 Annual Conference on Extreme Science and Engineering Discovery Environment},
  pages={44},
  year={2014},
  organization={ACM}
}
@inproceedings{miller1988breakpoints,
  title={Breakpoints and halting in distributed programs},
  author={Miller, Barton P and Choi, J-D},
  booktitle={Distributed Computing Systems, 1988., 8th International Conference on},
  pages={316--323},
  year={1988},
  organization={IEEE}
}
@inproceedings{chow2014mystery,
  title={The Mystery Machine: End-to-end performance analysis of large-scale Internet services},
  author={Chow, Michael and Meisner, David and Flinn, Jason and Peek, Daniel and Wenisch, Thomas F},
  booktitle={Proceedings of the 11th symposium on Operating Systems Design and Implementation},
  year={2014}
}
@inproceedings{zhao2014lprof,
  title={lprof: A nonintrusive request flow profiler for distributed systems},
  author={Zhao, Xu and Zhang, Yongle and Lion, David and Faizan, Muhammad and Luo, Yu and Yuan, Ding and Stumm, Michael},
  booktitle={Proceedings of the 11th Symposium on Operating Systems Design and Implementation},
  year={2014}
}
@inproceedings{sommer2013minerva,
  title={Minerva: distributed tracing and debugging in wireless sensor networks},
  author={Sommer, Philipp and Kusy, Branislav},
  booktitle={Proceedings of the 11th ACM Conference on Embedded Networked Sensor Systems},
  pages={12},
  year={2013},
  organization={ACM}
}
@inproceedings{ho2005design,
  title={On the design of a pervasive debugger},
  author={Ho, Alex and Hand, Steven},
  booktitle={Proceedings of the sixth international symposium on Automated analysis-driven debugging},
  pages={117--122},
  year={2005},
  organization={ACM}
}
@inproceedings{cao2008declarative,
  title={Declarative tracepoints: a programmable and application independent debugging system for wireless sensor networks},
  author={Cao, Qing and Abdelzaher, Tarek and Stankovic, John and Whitehouse, Kamin and Luo, Liqian},
  booktitle={Proceedings of the 6th ACM conference on Embedded network sensor systems},
  pages={85--98},
  year={2008},
  organization={ACM}
}
@inproceedings{abramson2010data,
  title={Data centric highly parallel debugging},
  author={Abramson, David and Dinh, Minh Ngoc and Kurniawan, Donny and Moench, Bob and DeRose, Luiz},
  booktitle={Proceedings of the 19th ACM International Symposium on High Performance Distributed Computing},
  pages={119--129},
  year={2010},
  organization={ACM}
}
@inproceedings{marceau2004dataflow,
  title={A dataflow language for scriptable debugging},
  author={Marceau, Guillaume and Cooper, Gregory H and Krishnamurthi, Shriram and Reiss, Steven P},
  booktitle={Proceedings of the 19th IEEE international conference on Automated software engineering},
  pages={218--227},
  year={2004},
  organization={IEEE Computer Society}
}
